@incollection{bunde15b,
	title="Modules for introducing threads",
	author="D.P. Bunde",
	chapter=4,
	pages="59--82",
	booktitle="Topics in parallel and distributed computing: {I}ntroducing concurrency in undergraduate courses",
	editor="S.K. Prasad and A. Gupta and A.L. Rosenberg and A. Sussman and C.C. Weems",
	publisher="Morgan Kaufmann",
	year=2015}

@inproceedings{graf14,
	title="Using wrappers to simplify task parallel programming",
	author="M. Graf and D.P. Bunde",
	crossref="ccsc-mw14",
	pages="73--79"}

@inproceedings{bunde14d,
	title="Adding parallel {Haskell} to the undergraduate programming language course",
	author="D.P. Bunde and J. Mache and P. Drake",
	crossref="ccsc-nw14",
	pages="181--189"}

@proceedings{ccsc-mw14,
	booktitle="Proc. 21st Annual Consortium for Computing Science in Colleges Midwestern conference",
	year=2014,
	comment2="Journal of Computing Sciences in Small Colleges,
	volume 30, number 1"}

@proceedings{ccsc-nw14,
	booktitle="Proc. 16th Annual Consortium for Computing Science in Colleges Northwestern conference (CCSC-NW)",
	year=2014,
	comment2="Journal of Computing Sciences in Small Colleges,
	volume 30, number 1"}

@inproceedings{bunde13,
	title="Adding {GPU} computing to computer organization courses",
	author="D.P. Bunde and Karen L. Karavanic and Jens Mache and Chris T. Mitchell",
	crossref="edupar13"}

@proceedings{edupar13,
	booktitle="Proc. 3rd NSF/TCPP workshop on parallel and distributed computing education (EduPar)",
	year=2013}
    
@unpublished{chapel,
	title="The {Chapel} parallel programming language",
	author="Cray Inc.",
note="\url{http://chapel.cray.com/}"}

@inproceedings{sidelnik12,
	title="Performance Portability with the Chapel Language",
	author="Albert Sidelnik and Saeed Maleki and Bradford L. Chamberlain and Mar√åa J. Garzar\'{a}n and David Padua",
    booktitle="Proc. 26th IEEE Intern. Parallel and Distributed Processing Symp. (IPDPS)",
	year=2012}
    
@inproceedings{kim08,
	title="Technology-Driven, Highly-Scalable Dragonfly Topology",
	author="J. Kim and W. Dally and S. Scott and D. Abts",
	booktitle="Proc. 35th Ann. Intern. Symp. Comput. Arch. (ISCA)",
	year=2008,
	pages="77--78"}
    
@inproceedings{hastings15,
	title="Comparing global link arrangements for {D}ragonfly networks",
	author="E. Hastings and D. Rincon-Cruz and M. Spehlmann and S. Meyers and A. Xu and D.P. Bunde and V.J. Leung",
	booktitle="Proc. {IEEE} Cluster",
	year=2015,
	pages="361--370"}
    
@inproceedings{belka17,
	title="New link arrangements for Dragonfly networks",
	author="M. Belka and M. Doubet and S. Meyers and R. Momoh and D. Rincon-Cruz and D.P. Bunde",
	booktitle="Proc. 3rd Intern. Workshop High-Performance Interconnection Networks Towards the Exascale and Big-Data Era",
	year=2017}
    
@inproceedings{han17,
	title="Improving {V}aliant routing for {Slim} {Fly} networks",
	author="D. Han and Z. Wang and D.P. Bunde",
	booktitle="Proc. 10th Intern. Workshop Parallel Programming Models and Systems Software for High-End Computing (P2S2)",
	year=2017}
    
@inproceedings{bunde16,
	title="Results of a student census in {CS} 2",
	author="D.P Bunde and M.C. Gerten",
    booktitle="Proc. 23rd Ann. Consortium for Computing Science in
Colleges Midwestern Conf. (CCSC-MW)",
	 year=2016}
    
@inproceedings{graf14,
	title="Using wrappers to simplify task parallel programming",
	author="M. Graf and D.P. Bunde",
	booktitle="Proc. 21st Annual Consortium for Computing Science in Colleges Midwestern conference",
	year=2014,
	pages="73--79"}
    
@inproceedings{balzuweit14,
	title="Local search to improve task mapping",
	author="E. Balzuweit and D.P. Bunde and V.J. Leung and A. Finley and A.C.S. Lee",
	booktitle="Proc. 7th Intern. Workshop Parallel Programming Models and Systems Software for High-End Computing (P2S2)",
	year=2014}
    
@inproceedings{leung14b,
	title="Task mapping stencil computations for non-contiguous allocations",
	author="V.J. Leung and D.P. Bunde and J. Ebbers and S.P. Feer and N.W. Price and Z.D. Rhodes and M. Swank",
	booktitle="Proc. 19th ACM SIGPLAN Symp. Principles and Practice of Parallel Programming (PPoPP)",
	year=2014,
	pages="377--378"}
    
@inproceedings{rajbhandary13,
	title="Variations of Conservative backfilling to improve fairness",
	author="A. Rajbhandary and D.P. Bunde and V.J. Leung",
    booktitle="Proc. 17th Workshop Job Scheduling Strategies for Parallel Processing (JSSPP)",
	year=2013}
    
@inproceedings{rodrigues12,
	title="Improvements to the Structural Simulation Toolkit",
	author="A. Rodrigues and K. Bergman and D. Bunde and E. Cooper-Balis and K. Ferreira and K.S. Hemmert and B. Barrett and C. Versaggi and R. Hendry and B. Jacob and H. Kim and V. Leung and M. Levenhagen and M. Rasquinha and R. Riesen and P. Rosenfeld and M. del Carmen Ruiz Varela and and S. Yalamanchili",
	booktitle="Proc. 5th Intern. {ICST} Conf. Simulation Tools and Techniques (SIMUTools)",
	year=2012}
    
@article{lindsay13,
	title="Backfilling with guarantees made as jobs arrive",
	author="A.M. Lindsay and M. Galloway-Carson and C.R. Johnson and D.P. Bunde and V.J. Leung",
	journal="Concurrency and Computation: Practice and Experience",
	volume=25,
	number=4,
	pages="513--523",
	year=2013}
    
@inproceedings{walker10,
	title="Faster high-quality processor allocation",
	author="P. Walker and D.P. Bunde and V.J. Leung",
	booktitle="Proc. 11th LCI Intern. Conf. High-Performance Clustered Computing",
	year=2010}
    
@inproceedings{johnson10,
	title="A tie-breaking strategy for processor allocation in meshes",
	author="C.R. Johnson and D.P. Bunde and V.J. Leung",
    booktitle="Proc. 6th Intern. Workshop Scheduling and Resource Management for Parallel and Distributed Systems (SRMPDS)",
	year=2010}

@inproceedings{thebe09,
	title="Scheduling restartable jobs with short test runs",
	author="O. Thebe and D.P. Bunde and V.J. Leung",
	booktitle="Proc. 14th Workshop Job Scheduling Strategies for Parallel Processing (JSSPP)",
	year=2009,
	series="LNCS",
	volume=5798,
	pages="116--137"}
    
@misc{bunde12,
	title="Introducing parallelism using {Habanero} {Java} ({HJ})",
	author="D.P. Bunde and J. Spacco and C. Samoore",
	howpublished="Pre-conference workshop attached to the {\em Consortium for Computing Sciences in Colleges Midwest conference (CCSC-MW)}",
	year=2012}
    
@inproceedings{adams13,
	title="Patterns and {E}xemplars: {C}ompelling Strategies for Teaching Parallel and Distributed Computing to {CS} Undergraduates",
	author="J. Adams and R. Brown and E. Shoop",
    booktitle="Proc. 3rd NSF/TCPP workshop on parallel and distributed computing education (EduPar)",
	year=2013}