@inproceedings{Brown:SIGCSE11,
  author    = {Richard A. Brown and
               Elizabeth Shoop},
  title     = {Modules in community: injecting more parallelism into computer science
               curricula},
  booktitle = {Proceedings of the 42nd {ACM} technical symposium on Computer science
               education, {SIGCSE} 2011, Dallas, TX, USA, March 9-12, 2011},
  pages     = {447--452},
  year      = {2011}
}

@article{Seymore:SALG00,
  title = {Creating a Better Mousetrap: On-line Student Assessment of their Learning Gains},
  author = {Seymour, E. and Wiese, D. and Hunter, A. and Daffinrud, S.M.},
  booktitle = {National Meeting of the American Chemical Society},
  year = 2000
}


@inproceedings{Gavrilovska:UCRC06,
author = {Gavrilovska H. H., Schwan L. K., Yalamanchili S. and Wolf M.},
title = {Multi-core Curriculum Development at Georgia Tech: Experience and Future Steps},
booktitle = {UCRC Workshop on Experimental Research in Computer Systems},
year = 2006}

@article{Graham:SIGCSE07,
 author = {Graham, John R.},
 title = {Integrating Parallel Programming Techniques into Traditional Computer Science Curricula},
 journal = {SIGCSE Bull.},
 issue_date = {December 2007},
 volume = {39},
 number = {4},
 month = dec,
 year = {2007},
 issn = {0097-8418},
 pages = {75--78},
 numpages = {4},
 url = {http://doi.acm.org/10.1145/1345375.1345419},
 doi = {10.1145/1345375.1345419},
 acmid = {1345419},
 publisher = {ACM},
 address = {New York, NY, USA},
 keywords = {computer science education, parallel programming},
} 

@article{Ernst:SIGCSE08,
 author = {Ernst, Daniel J. and Stevenson, Daniel E.},
 title = {Concurrent CS: Preparing Students for a Multicore World},
 journal = {SIGCSE Bull.},
 issue_date = {September 2008},
 volume = {40},
 number = {3},
 month = jun,
 year = {2008},
 issn = {0097-8418},
 pages = {230--234},
 numpages = {5},
 url = {http://doi.acm.org/10.1145/1597849.1384333},
 doi = {10.1145/1597849.1384333},
 acmid = {1384333},
 publisher = {ACM},
 address = {New York, NY, USA},
 keywords = {curriculum design, parallel programming},
} 


@inproceedings{Nevison:SIGCSE88,
 author = {Nevison, Chris},
 title = {An Undergraduate Parallel Processing Laboratory},
 booktitle = {Proceedings of the Nineteenth SIGCSE Technical Symposium on Computer Science Education},
 series = {SIGCSE '88},
 year = {1988},
 isbn = {0-89791-256-X},
 location = {Atlanta, Georgia, USA},
 pages = {68--72},
 numpages = {5},
 url = {http://doi.acm.org/10.1145/52964.52982},
 doi = {10.1145/52964.52982},
 acmid = {52982},
 publisher = {ACM},
 address = {New York, NY, USA},
} 

@article{Hyde:SIGCSE89,
 author = {Hyde, D. G.},
 title = {A Parallel Processing Course for Undergraduates},
 journal = {SIGCSE Bull.},
 issue_date = {Feb. 1989},
 volume = {21},
 number = {1},
 year = {1989},
 issn = {0097-8418},
 numpages = {4},
 url = {http://doi.acm.org/10.1145/65294.71209},
 doi = {10.1145/65294.71209},
 acmid = {71209},
 publisher = {ACM},
 address = {New York, NY, USA},
} 

@inproceedings{Fisher:SIGCSE91,
 author = {Fisher, Allan L. and Gross, Thomas},
 title = {Teaching the Programming of Parallel Computers},
 booktitle = {Proceedings of the Twenty-second SIGCSE Technical Symposium on Computer Science Education},
 series = {SIGCSE '91},
 year = {1991},
 isbn = {0-89791-377-9},
 location = {San Antonio, Texas, USA},
 pages = {102--107},
 numpages = {6},
 url = {http://doi.acm.org/10.1145/107004.107024},
 doi = {10.1145/107004.107024},
 acmid = {107024},
 publisher = {ACM},
 address = {New York, NY, USA},
} 

@article{Hartman:SIGCSE91,
 author = {Hartman, Janet and Sanders, Dean},
 title = {Teaching a Course in Parallel Processing with Limited Resources},
 journal = {SIGCSE Bull.},
 issue_date = {Mar. 1991},
 volume = {23},
 number = {1},
 month = mar,
 year = {1991},
 issn = {0097-8418},
 pages = {97--101},
 numpages = {5},
 publisher = {ACM},
 address = {New York, NY, USA},
} 

@article{Toll:SIGCSE95,
 author = {Toll, William E.},
 title = {Decision Points in the Introduction of Parallel Processing into the Undergraduate Curriculum},
 journal = {SIGCSE Bull.},
 issue_date = {March 1995},
 volume = {27},
 number = {1},
 month = mar,
 year = {1995},
 issn = {0097-8418},
 pages = {136--140},
 numpages = {5},
 publisher = {ACM},
 address = {New York, NY, USA},
} 


@inproceedings{Seymour:SALG00,
author= {E. Seymour and D.  Wiese and A. Hunter and S. M. Daffinrud},
title = {Creating a Better Mousetrap: On-line Student Assessment of their Learning Gains},
booktitle = {National Meeting of the American Chemical Society},
year = 2000}
}


%%%%%%%%%%%%% 2012 %%%%%%%%%%%%%%%

@misc{HLSAMP,
   title = {The {H}ouston-{L}ouis {S}tokes {A}lliance for {M}inority {P}articipation {S}cholars {P}rogram},
   howpublished = {{\tt http://hlsamp.cose.txstate.edu/}},
   note = {accessed: 2018-02-01}
 }

@misc{REU_TXST:2018,
  title = {Research Experiences for Undergraduates in Software Systems and Analysis at Texas State University},
  howpublished = {{\tt http://reussa.cs.txstate.edu/people-2017}},
  note = {accessed: 2018-02-01}
}

@misc{CAHSI,
  title = {{The Computing Alliance of Hispanic-Serving Institutions (CAHSI)}},
  howpublished = {\url{http://cahsi.cs.utep.edu}},
  note = {accessed: 2018-02-01}
}
   
@misc{NCWIT,
  title = {{The National Center for Women \& Information Technology}},
  howpublished = {\url{https://www.ncwit.org}},
  note = {accessed: 2018-02-01}
}

@misc{ABET:18,
  title = {{Accreditation Board for Engineering and Technology}},
  howpublished = {\url{http://www.abet.org/}},
  note = {accessed: 2018-02-09}
}


@misc{WISE,
  title = {{Women in Science and Engineering, Texas State University}},
  howpublished = {\url{http://wise.cose.txstate.edu}},
  note = {accessed: 2018-02-01}
}

@misc{CSINPARALLEL,
   title = {{CSinParallel {P}roject}},
   howpublished  = {\url{http://csinparallel.org/}}
}

@misc{COURSERA_ARCH:2018,
   title = {{Computer Architecture, Princeton Universtiy, Coursera}},
   howpublished  = {\url{https://www.coursera.org/learn/comparch}},
   
}

@misc{COURSERA:2018,
   title = {{Coursera}},
   howpublished  = {\url{https://www.coursera.org}},
  note = {accessed: 2018-02-04}
}

@misc{EDX:2018,
   title = {{edX}},
   howpublished  = {\url{https://www.edx.org}},
  note = {accessed: 2018-02-04}
}

@misc{CPS_UT:2018,
title = {Introduction to Cyberphysical Systems},
howpublished = {\url{https://www.cs.utexas.edu/courses/378-introduction-cyberphysical-systems}},
  note = {accessed: 2018-02-05}
  }


@misc{PP_TXST:2018,
  title = {Parallel Programming},
  howpublished = {\url{https://cs.txstate.edu/academics/course_detail/CS/4380/}},
  note = {accessed: 2018-02-05}
  }

@misc{CGO_UT:2018,
  title = {Code Generation and Optimization},
  howpublished = {\url{NEED CITATION}},
  note = {accessed: 2018-02-05}
  }

@misc{CS2013_HC_EX:2018,
   title = {{Parallel Programming Principle and Practice, Huazhong University of Science and Technology (HUST)}},
   howpublished  = {\url{http://grid.hust.edu.cn/courses/parallel}},
   note = {accessed: 2018-02-04}
}


@misc {NSFTCPP,
author = {},
title = {{NSF}/{IEEE}-{TCPP} {C}urriculum {I}nitiative on {P}arallel and {D}istributed {C}omputing},
howpublished = {\url{http://www.cs.gsu.edu/~tcpp/curriculum}},
year = {2013}
}

@misc {NSFCDER,
author = {},
title = {Center for Parallel and Distributed Computing Curriculum Development and Educational Resources ({CDER})},
howpublished = {\url{http://www.cs.gsu.edu/~tcpp}},
}

@book{Bloom:Book71,
  title={Taxonomy of Educational Objectives: The Classification of Educational Goals: By a Committee of College and University Examiners},
  author={Bloom, Benjamin S},
  year={1971},
  publisher={David McKay}
}


@article {STRAWMAN13,
author = {},
title = {{ACM} {IEEE} {J}oint {T}ask {F}orce on {C}omputing {C}urricula, {C}omputer {S}cience {C}urricula 2013 {S}trawman {D}raft}, 
howpublished = {\url{http://www.cs.gsu.edu/\~tcpp/curriculum}},
year = {2012}
}


@misc {ACM2013,
author = {{The Joint Task Force on Computing Curricula ACM/IEEE Computer Society}},
title = {{Curriculum Guidelines for Undergraduate Degree Programs in Computer Science}},
year = {2013}
}

@misc {ACM_CE2016,
    author = {ACM/IEEE-CS Joint Task Force on Computing Engineering Curricula},
    title = {Curriculum Guidelines for Undergraduate Degree Programs in Computer Engineering},
    howpublished = {\url{https://www.acm.org/education/curricula-recommendations}},
    year = 2016 
}

@misc {ACM2001,
    author = {ACM/IEEE-CS Joint Task Force on Computing Curricula},
    title = {ACM/IEEE Computing Curricula 2001 Final Report},
    howpublished = {\url{http://www.acm.org/sigcse/cc2001}},
    year = 2001 
}

@TechReport{Qasem:TR14,
	Author = {Apan Qasem},
	Title = {{SimPar} : A Macro languages for intrdocing parallel concepts to CS I students},
	Institution = {Dept. of Computer Science, Texas State University},
	Number = {CSTR14-03},
	Type = {Technical Report},
	Month = Jan,
	Year = 2014}


@inproceedings{Treibig:ICPPW10,
 author = {Treibig, Jan and Hager, Georg and Wellein, Gerhard},
 title = {{LIKWID}: A Lightweight Performance-Oriented Tool Suite for x86 Multicore Environments},
 booktitle = {39th International Conference on Parallel Processing Workshops},
 year = {2010},
} 

@inproceedings{Seymour:NMCS00,
author = {Seymour, E. and Wiese, D. and Hunter, A. and Daffinrud, S.M.},
title = {Creating a Better Mousetrap: On-line Student Assessment of their Learning Gains},
booktitle = {National Meeting of the American Chemical Society},
year = {2000}}

@misc{ensemble:2016,
 author = {{National Science Foundation (NSF)}},
  title = {Ensemble computing portal},
  howpublished = {{\tt http://www.computingportal.org}},
  year = 2016

}

@misc{BLUEWATERS:2018,
title = {Blue Waters : Sustained Petascale Computing},
howpublished = {\url{https://bluewaters.ncsa.illinois.edu}},
booktitle = {University of Illinois at Urbana-Champaign, NCSA and NSF},
note = {accessed: 2018-01-01}
}

@misc{EDUPAR:2018,
  title = {NSF/TCPP Workshop on Parallel and Distributed Computing Education},
  howpublished = {\url{https://grid.cs.gsu.edu/~tcpp/curriculum/?q=edupar17}},
  booktitle = {Center for Parallel and Distributed Computing Curriculum Development and Educational Resources (CDER)},
  note = {accessed: 2018-01-01}
}

@misc{CDER:2018,
  title = {Center for Parallel and Distributed Computing Curriculum Development and Educational Resources (CDER)},
  howpublished = {\url{https://grid.cs.gsu.edu/~tcpp/curriculum/?q=node/21183}},
  note = {accessed: 2018-01-01}
}

@misc{XSEDE:2018,
title = {XSEDE},
howpublished = {\url{https://www.xsede.org/}},
booktitle = {NSF},
note = {accessed: 2018-01-01}
}


@inproceedings{Daga:IISWC15,
author={M. Daga and Z. S. Tschirhart and C. Freitag}, 
booktitle={2015 IEEE International Symposium on Workload Characterization}, 
title={Exploring Parallel Programming Models for Heterogeneous Computing Systems}, 
year={2015}, 
pages={98-107}, 
month={Oct}
}

@misc{coursera:architecture,
title = {6.8888 Parallel and Heterogeneous Computer Architecture},
howpublished = {\url{http://courses.csail.mit.edu/6.888/spring13/}},
booktitle = {MIT},
note = {accessed: 2018-01-08}}



@article{Kramer:ACM07,
 author = {Kramer, Jeff},
 title = {Is Abstraction the Key to Computing?},
 journal = {Commun. ACM},
 issue_date = {April 2007},
 volume = {50},
 number = {4},
 month = apr,
 year = {2007},
 issn = {0001-0782},
 pages = {36--42},
 numpages = {7}
 } 

@inproceedings{Hazzan:SIGCSE02,
 author = {Hazzan, Orit},
 title = {Reducing Abstraction Level when Learning Computability Theory Concepts},
 booktitle = {Proceedings of the 7th Annual Conference on Innovation and Technology in Computer Science Education},
 series = {ITiCSE '02},
 year = {2002},
 isbn = {1-58113-499-1},
 location = {Aarhus, Denmark},
 pages = {156--160},
 numpages = {5}
} 

@misc{EER:2018,
   title = {Ethnography and Evaluation Research, University of Colorado, Boulder},
   howpublished={https://www.colorado.edu/eer/},
   node = {accessed: 2018-31-01}
}



@inproceedings{Gopalakrishnan:IPDPSW12,
  title={{Formal methods for surviving the jungle of heterogeneous parallelism}},
  author={Gopalakrishnan, Ganesh},
  booktitle={Parallel and Distributed Processing Symposium Workshops \& PhD Forum (IPDPSW), 2012 IEEE 26th International},
  pages={1321--1324},
  year={2012},
  organization={IEEE}
}

@misc{HPCS_WU:2018,
title = {High Performance Computer Systems},
howpublished = {\url{http://bulletin.wustl.edu/undergrad/engineering/computerscience/#courses}},
  note = {accessed: 2018-02-07}
  }

@misc{CS_BROWN:2018,
title = {Brown CS:Courses},
howpublished = {\url{https://cs.brown.edu/courses/}},
  note = {accessed: 2018-02-07}
  }

@misc{CS_CTX:2018,
title = {Degree Requirements - Computer Science},
howpublished = {\url{http://www.concordia.edu/academics/school-of-natural-and-applied-sciences/computer-science/degree-requirements.html}},
  note = {accessed: 2018-02-07}
  }

@misc{CS_CUW:2018,
title = {BS in Computer Science - CUW CS},
howpublished = {\url{http://www.cs.cuw.edu/cs-major/}},
  note = {accessed: 2018-02-07}
  }

@misc{rice_cs:2018,
title = {Course Catalog 2017-18},
howpublished = {\url{https://courses.rice.edu/admweb/!SWKSCAT.cat?p_action=CATALIST&p_acyr_code=2018&p_subj=COMP}},
  note = {accessed: 2018-02-10}
  }

@inproceedings{Sinclair:ITICSE15,
 author = {Sinclair, Jane and Butler, Matthew and Morgan, Michael and Kalvala, Sara},
 title = {Measures of Student Engagement in Computer Science},
 booktitle = {Proceedings of the 2015 ACM Conference on Innovation and Technology in Computer Science Education},
 series = {ITiCSE '15},
 year = {2015},
 isbn = {978-1-4503-3440-2},
 location = {Vilnius, Lithuania},
 pages = {242--247},
 numpages = {6}
 }


@inproceedings{Barker:SIGCSE14,
 author = {Barker, Lecia J. and O'Neill, Melissa and Kazim, Nida},
 title = {Framing Classroom Climate for Student Learning and Retention in Computer Science},
 booktitle = {Proceedings of the 45th ACM Technical Symposium on Computer Science Education},
 series = {SIGCSE '14},
 year = {2014},
 isbn = {978-1-4503-2605-6},
 location = {Atlanta, Georgia, USA},
 pages = {319--324},
 numpages = {6}
 } 
 
 @inproceedings{Siraj:ITICSE14,
  title={Empowering faculty to embed security topics into computer science courses},
  author={Siraj, Ambareen and Ghafoor, Sheikh and Tower, Joshua and Haynes, Ada},
  booktitle={Proceedings of the 2014 conference on Innovation \& technology in computer science education},
  pages={99--104},
  year={2014},
  organization={ACM}
}

@misc{TCPP:2012,
   author = {Prasad, S. and Chtchelkanova, A. and Dehne, F. and Gouda, M. and Gupta, A. and Jaja, J. and Kant, K. and La Salle, A. and LeBlanc, R. and Lumsdaine, A. and Padua, D. and Parashar, M. and Prasanna, V. and Robert, Y. and  Rosenberg, A. and Sahni, S. and Shirazi, B. and  Sussman, A. and Weems, C. and  Wu, J.},
   title = {{2012 NSF/IEEE-TCPP Curriculum Initiative on Parallel and Distributed Computing - Core Topics for Undergraduates, Version I}},
   howpublished = {{\url{http://www.cs.gsu.edu/~tcpp/curriculum/}}},
   note = {accessed: 2018-02-11}
   }


@misc{NSF_PI:2017,
   title = {Panelist Recommendations},
   booktitle = {NSF CSR PI Meeting},
   year = 2017,   
   location = {Orlando, FL}
}

@misc{COMS6998:2018,
title = {{COMS6998: Cellular Networks and Mobile Computing}},
author = {Computer Science, Columbia University},
howpublished = {\url{http://www.cs.columbia.edu/~coms6998-8}},
  note = {accessed: 2018-02-01}

}

@misc{CS429:2018,
  title = {{CS429: Computer Organization and Architecture}},
  author = {Computer Science, University of Texas at Austin},
  howpublished = {\url{https://www.cs.utexas.edu/~byoung/cs429/syllabus429.html}},
  note = {accessed: 2018-02-11}
}


@misc{CPSC350:2018,
title = {{CPSC 350: Computer Architecture}},
author = {Computer Science, Texas A\&M University},
howpublished = {\url{http://courses.cs.tamu.edu/rabi/csce350/index.html}},
  note = {accessed: 2018-02-11}
}

@misc{CS0330:2018,
title = {{CS0330: Introduction to Systems}},
author = {Computer Science, Brown University},
howpublished = {\url{http://cs.brown.edu/courses/csci0330/}},
  note = {accessed: 2018-02-11}
}




