@misc{top500,
	Howpublished = {\url{http://www.top500.org}},
	Title = {Top 500 {S}upercomputer {S}ites}}

@article{Borkar:CACM11,
  title={The future of microprocessors},
  author={Borkar, Shekhar and Chien, Andrew A},
  journal={Communications of the ACM},
  volume={54},
  number={5},
  pages={67--77},
  year={2011},
  publisher={ACM}
}

@article{Putnam:ISCA14,
  title={A reconfigurable fabric for accelerating large-scale datacenter services},
  author={Putnam, Andrew and Caulfield, Adrian M and Chung, Eric S and Chiou, Derek and Constantinides, Kypros and Demme, John and Esmaeilzadeh, Hadi and Fowers, Jeremy and Gopal, Gopi Prashanth and Gray, Jan and others},
  journal={ACM SIGARCH Computer Architecture News},
  volume={42},
  number={3},
  pages={13--24},
  year={2014},
  publisher={ACM}
}

@inproceedings{Caulfield:ISCA16,
  title={A cloud-scale acceleration architecture},
  author={Caulfield, Adrian M and Chung, Eric S and Putnam, Andrew and Angepat, Hari and Fowers, Jeremy and Haselman, Michael and Heil, Stephen and Humphrey, Matt and Kaur, Puneet and Kim, Joo-Young and others},
  booktitle={MICRO},
  pages={1--13},
  year={2016},
  organization={IEEE}
}

@misc{Wile:WP14,
  title={Coherent Accelerator Processor Interface (CAPI) for POWER8 Systems White Paper},
  author={Wile, Bruce},
  year={2014},
  publisher={Sep}
}

@misc{Xilnix:2016,
  author={Xilinx},
  title = {Zynq UltraScale+ MPSoCs White Paper},
  year = {2016}
}

@inproceedings{Gupta:ICARL15,
  title={Xeon+ fpga platform for the data center},
  author={Gupta, Prabhat K},
  booktitle={Fourth Workshop on the Intersections of Computer Architecture and Reconfigurable Logic},
  volume={119},
  year={2015}
}


@article{Shi:IEEE16,
  title={Edge computing: Vision and challenges},
  author={Shi, Weisong and Cao, Jie and Zhang, Quan and Li, Youhuizi and Xu, Lanyu},
  journal={IEEE Internet of Things Journal},
  volume={3},
  number={5},
  pages={637--646},
  year={2016},
  publisher={IEEE}
}


@inproceedings{Beckman:IEEE16,
  title={Waggle: An open sensor platform for edge computing},
  author={Beckman, Pete and Sankaran, Rajesh and Catlett, Charlie and Ferrier, Nicola and Jacob, Robert and Papka, Michael},
  booktitle={SENSORS},
  pages={1--3},
  year={2016},
}

@article{Dennard:IEEE74,
  title={Design of ion-implanted MOSFET's with very small physical dimensions},
  author={Dennard, Robert H and Gaensslen, Fritz H and Rideout, V Leo and Bassous, Ernest and LeBlanc, Andre R},
  journal={IEEE Journal of Solid-State Circuits},
  volume={9},
  number={5},
  pages={256--268},
  year={1974},
  publisher={IEEE}
}
@article{Bohr:IEEE07,
  title={A 30 year retrospective on Dennard's MOSFET scaling paper},
  author={Bohr, Mark},
  journal={IEEE Solid-State Circuits Society Newsletter},
  volume={12},
  number={1},
  pages={11--13},
  year={2007},
  publisher={IEEE}
}


@article{Labrinidis:VLDB12,
  title={Challenges and opportunities with big data},
  author={Labrinidis, Alexandros and Jagadish, Hosagrahar V},
  journal={Proceedings of the VLDB Endowment},
  volume={5},
  number={12},
  pages={2032--2033},
  year={2012},
  publisher={VLDB Endowment}
}


@article{Kim:IEEE17,
  author    = {Nam Sung Kim and
               Deming Chen and
               Jinjun Xiong and
               Wen{-}mei W. Hwu},
  title     = {Heterogeneous Computing Meets Near-Memory Acceleration and High-Level
               Synthesis in the Post-Moore Era},
  journal   = {{IEEE} Micro},
  volume    = {37},
  number    = {4},
  pages     = {10--18},
  year      = {2017}
}


@article{Mittal:ACMSUR15,
 author = {Mittal, Sparsh and Vetter, Jeffrey S.},
 title = {A Survey of CPU-GPU Heterogeneous Computing Techniques},
 journal = {ACM Comput. Surv.},
 issue_date = {July 2015},
 volume = {47},
 number = {4},
 month = jul,
 year = {2015},
 issn = {0360-0300},
 pages = {69:1--69:35},
 articleno = {69},
 numpages = {35},
 publisher = {ACM},
 address = {New York, NY, USA},
}

@ARTICLE{Schulte:IEEE15, 
author={M. J. Schulte and M. Ignatowski and G. H. Loh and B. M. Beckmann and W. C. Brantley and S. Gurumurthi and N. Jayasena and I. Paul and S. K. Reinhardt and G. Rodgers}, 
journal={IEEE Micro}, 
title={Achieving Exascale Capabilities through Heterogeneous Computing}, 
year={2015}, 
volume={35}, 
number={4}, 
pages={26-36}, 
ISSN={0272-1732}, 
month={July},}
