@misc{TUESWEB,
   title = {{P}arallel {C}omputing in the {U}ndergraduate {C}urriculum : the {E}arly-and-{O}ften {A}pproach},
   howpublished = {\url{http://tues.cs.txstate.edu/}},
}


@misc{SPARK,
   title = {The {SPARK} Scholars {P}rogram},
   howpublished= {{\tt http://www.cose.txstate.edu/spark.html}}
}

@misc{LOOPTOOL,
   title = {{Loop{T}ool}},
   howpublished = {\url{http://www.hipersoft.rice.edu/looptool}},
}

@misc{RegControl,
   title = {Register Alloc Control},
   howpublished = {\url{https://github.com/apanqasem/RegAllocControl}}
}

@misc{MLTUNE,
   title = {MLTUNE},
   howpublished = {\url{https://github.com/biplabks/MLTUNE}}
}

@misc{CREST,
   title = {{CREST}},
   howpublished = {\url{http://compilers.cs.txstate.edu/software.html}},
}


%%%%%%%%%%%%% 2017 %%%%%%%%%%%%%%%

@inproceedings{Connors:HPCC17,
  author = {Tiffany A. Connors and Apan Qasem},
  title = {Automatically Selecting Profitable Thread Block Sizes for Accelerated Kernels},
  booktitle = {19th IEEE International Conference on High Performance Computing and Communications (HPCC17)},
  month = {Dec},
  year = 2017
}


@inproceedings{Saha:HPCC17,
author= {Biplab Saha and Tiffany A. Connors and  Saami Rahman and Apan Qasem},
title = {A Machine Learning Approach to Automatic Creation of Architecture-sensitive Performance Heuristics},
booktitle = {19th IEEE International Conference on High Performance Computing and Communications (HPCC17)},
note = {[\textbf{Best Paper (1/176)}]},
month = {Dec},
year = 2017
}


@inproceedings{Qasem:IGSC17,
author = {Apan Qasem and Samuel Teich}, 
title = {Evaluating the Impact of Data Layout and Placement on the Energy Efficiency of Heterogeneous Applications}, 
booktitle = {8th International Green and Sustainable Conference (IGSC17)},
month = {Oct},
year = 2017
}

@inproceedings{Teich:IGSC17,
author = {Samuel Teich and Apan Qasem}, 
title = {Mitigating Register Pressure in GPU Kernels for Improved Energy Efficiency},
booktitle = {Workshop on Energy-efficient Networks of Computers at the 8th International Green and Sustainable Conference (IGSC17)},  
month = {Oct},
year = 2017}


@inproceedings{Qasem:CGO17,
author= {Apan Qasem and Aswhin Aji and Gregory Rodgers},
booktitle = {Proceedings of the International Symposium on Code Generation and Optimization (CGO)},
title = {Characterizing Data Organization Effects on Heterogeneous Memory Architectures},
month = {Mar},
year = 2017
}


%%%%%%%%%%%%% 2015 %%%%%%%%%%%%%%%

@inproceedings{Connors:IGSCW15,
author= {Tiffany Connors and Apan Qasem},
booktitle = {International Workshop on Green Programming, Computing and Data Processing (GPCDP15)},
title = {Power-performance Analysis of Metaheuristic Search Algorithms on the GPU},
month = {Dec},
year = 2015
}

@inproceedings{Alvarado:IGSC15, 
author = {Claudia Alavardo and Dan Tamir and Apan Qasem},
title  = {Realizing Energy-efficient Thread Affinity Configurations with Supervised Learning},
booktitle = {Sixth International Green and Sustainable Conference (IGSC15)},
month = {Dec},
year = 2015}

@inproceedings{Gutierrez:IGSC15, 
author = {Mario Gutierrez and Saami Rahman and Apan Qasem},
title  = {Neural Network Methods for Fast and Portable Prediction of CPU Power Consumption},
booktitle = {Sixth International Green and Sustainable Conference (IGSC15)},
month = {Dec},
year = 2015}


@inproceedings{Saha:SC15,
author = {Biplab Kumar Saha and Saami Rahman and Apan Qasem},
title = {MLTUNE: A Tool-chain for Automating the Workflow of Machine-Learning Based Performance Tuning (Extended Poster Abstract)},
booktitle ={28th International Conference on High Performance Computing, Networking, Storage and Analysis (SC15)},
month = {Nov},
year = 2015}

@inproceedings{Rahman:SC15,
author = {Saami Rahman and Apan Qasem},
title = {Investigating Prefetch Potential on the Xeon Phi with Autotuning (Extended Poster Abstract)},
booktitle ={28th International Conference on High Performance Computing, Networking, Storage and Analysis (SC15)},
month = {Nov},
year = 2015}


@inproceedings{Alvarado:ICCGI5,
author = {Claudia Alavardo and Dan Tamir and Apan Qasem},
booktitle = {International Multi-Conference on Computing in the Global Information Technology (ICCGI)},
title = {Energy-Efficient Thread Migration via Dynamic Characterization of Resource Utilization},
month = {Oct},
year = 2015}

@inproceedings{Gutierrez:ICCGI5,
author = {Mario Gutierrez and Dan Tamir and Apan Qasem},
booktitle = {International Multi-Conference on Computing in the Global Information Technology (ICCGI)},
title = {Evaluating Neural Network Methods for PMC-based CPU Power Prediction},
month = {Oct},
year = 2015}



@inproceedings{Rahman:HPCC15, 
author = {Saami Rahman and Martin Burtscher and Ziliang Zong and Apan Qasem},
title  = {Maximizing Hardware Prefetch Effectiveness with Machine Learning},
booktitle = {17th IEEE International Conference on High Performance Computing
               and Communications (HPCC15)},
month = {Aug},
year = 2015}

@inproceedings{Chaparala:HPCC15, 
author = {Abhilash Chaparala and Clara Novoa and Apan Qasem},
title  = {Autotuning GPU-accelerated QAP Solvers for Power and Performance},
booktitle = {17th IEEE International Conference on High Performance Computing
               and Communications (HPCC15)},
month = {Aug},
year = 2015}

@inproceedings{Taheri:PDPTA15, 
author = {Saeed Taheri and Apan Qasem and Martin Burtscher},
title  = {A Tool for Automatically Suggesting Source-Code Optimizations for Complex GPU Kernels},
booktitle = {Proceedings of the International Conference on Parallel
               and Distributed Processing Techniques and Applications (PDPTA)},
month = {Jul},
year = 2015}

@inproceedings{Novoa:XSEDE15, 
author = {Clara Novoa and Apan Qasem and Abhilash Chaparala},
title  = {A {SIMD} tabu search  implementation for solving the quadratic assignment problem with GPU acceleration},
booktitle = {Fourth Annual XSEDE Conference (XSEDE15)},
month = {Jul},
year = 2015}


@inproceedings{Qasem:SIGCSE15, 
author = {Martin Burtscher and Wuxu Peng and Apan Qasem and Hongchi Shi and Dan Tamir and Heather Thiry}, 
title = {A Module-based	Approach to Adopting the 2013 {ACM} Curricular Recommendations on	Parallel Computing},
booktitle = {SIGCSE}, 
year = 2015}


%%%%%%%%%%%%% 2014 %%%%%%%%%%%%%%%

@inproceedings{Qasem:EDUHPC14, 
author = {Apan Qasem},
title = {Exposing Undergraduates to Parallel Performance Concepts with a Three-Module Sequence},
booktitle = {Workshop on Education for High-Performance Computing (EDUHPC14, educator workshop at SC14)},
month = {Nov},
year = 2014}

@inproceedings{Chaparala:XSEDE14, 
   author = {Abhilash Chaparala, Clara Novoa and Apan Qasem},
   title = {A SIMD Solution for the Quadratic Assignment Problem with GPU Acceleration},
   booktitle = {Third Annual XSEDE Conference (XSEDE14)},
   month = {Jul},
   year = {2014}
}

@INPROCEEDINGS{Hyatt:CSCI14, 
   author={Hyatt, Christopher and LaKomski, Greg and Alvarado, Claudia and Hay, Richard and Qasem, Apan and Tamir, Dan}, 
   booktitle={International Conference on Computational Science and Computational Intelligence (CSCI14)}, 
   title={Power Aware Task Matching and Migration in Heterogeneous Processing Environments}, 
   year={2014}
}

@inproceedings{Alvarado:TECHCON14, 
   author = {Claudia Alvarado and Dan Tamir and Apan Qasem},
   title = {Dynamic Feedback-Driven Thread Migration for Energy-Efficient Execution of Multithreaded Workloads},
   booktitle = {Proceedings of the 16th Annual TECHCON Conference}, 
   year = {2014}
}


@inproceedings{Shankar:FC14, 
   author = {Shwetha Shankar and Greg Lakomski and Claudia Alvarado and Richard Hay and Christopher Hyatt and Dan Tamir and Apan Qasem},
   title = {Power Aware Work Stealing in Homogeneous Multicore Systems},
   booktitle = {The Sixth International Conference on Future Computational Technologies and Applications},
   year = {2014}
}


%%%%%%%%%%%%% 2013 %%%%%%%%%%%%%%%

@inproceedings{Burtscher:EDUPDHPC13,
author = {Martin Burtscher and Wuxu Peng and Apan Qasem and Hongchi Shi and Dan Tamir and Heather Thiry}, 
title = {Integrating Parallel Computing into the Undergraduate Curriculum
at Texas State University: Experiences from the First Year}, 
booktitle ={Workshop on Parallel, Distributed, and High-Performance Computing in Undergraduate Curricula (EDUPDHPC13, educator workshop at SC13)}, 
   month = {Nov},
year = 2013}


@inproceedings{Burtscher:SC13_0,
author = {Martin Burtscher and Wuxu Peng and Apan Qasem and Hongchi Shi and Dan Tamir}, 
title = {Preparing Computer Science Students for an Increasingly Parallel World: Teaching Parallel Computing Early and Often (Extended poster abstract)}, 
booktitle ={26th International Conference on High Performance Computing, Networking, Storage and Analysis (SC13)},
   month = {Nov},
year = 2013}


@inproceedings{Rahman:SC13_1,
author = {Saami Rahman and Richard Hay and Apan Qasem},
title = {Enhancing Learning-based Autotuning with Composite and Diagnostic Feature Vectors (Extended poster abstract)},
booktitle ={26th International Conference on High Performance Computing, Networking, Storage and Analysis (SC13)},
   month = {Nov},
year = 2013}

@inproceedings{Rashid:SC13_2,
author = {Hammad Rashid and Richard Hay and Clara Novoa and Apan Qasem}, 
title = {Algorithmic Choice in Optimization Problems: A Performance Study (Extended poster abstract)},
booktitle ={26th International Conference on High Performance Computing, Networking, Storage and Analysis (SC13)},
   month = {Nov},
year = 2013}

@inproceedings{Holt:PLOP13,
  author = {Jim Holt and George Bazzera and Apan Qasem and Jason Miller and Henry Hoffmann},
  title = {A Pattern Language for Adaptive Parallel Software},
  booktitle = {Proceedings of the 20th International Conference on Pattern Languages of Programs},
  year = {2013}}

@inproceedings{Hyatt:TECHCON13, 
   author = {Christopher R Hyatt and Greg R. LaKomski and Dan Tamir and Apan Qasem},
   title = {Power Aware Task Matching and Migration in Heterogeneous Processing Environments},
   booktitle = {Proceedings of the 15th Annual TECHCON Conference}, 
   year = {2013}
}

@inproceedings{Shankar:PDPTA13,
  author = {Shwetha Shankar and Dan Tamir and Apan Qasem},
  title = {Towards an Operating System Based Framework for Energy-Efficient Scheduling of Parallel Workloads}, 
  booktitle = {Proceedings of the International Conference on Parallel
               and Distributed Processing Techniques and Applications (PDPTA)},
   month = {Jul},
  year      = {2013}
}

@article{Qasem:SPE13,
  author      = {Apan Qasem and Joshua Magee}, 
  title       = {Improving {TLB} Performance on Current Chip Multiprocessor Architectures Through 
                 Demand-driven Superpaging}, 
  journal     = {Software Practice and Experience (SPE)},
  volume = {43},
  number = {6},
  pages = {750-729},
  publisher   = {Wiley},
  year        = {2013}
}


%%%%%%%%%%%%% 2012 %%%%%%%%%%%%%%%

@article{Sarangkar:JPCC12,
   author = {Santosh Sarangkar and Apan Qasem},
   title = {MATS: A Model-driven Adaptive Tuning System for Parallel Workloads},
   journal = {Journal of Parallel and Cloud Computing (JPCC)},
   volume = {1},
   number = {2},
   pages = {50-64},
   year = {2012}
}

@article{Qasem:IJPLA12, 
   author = {Apan Qasem},
   title = {High-level Language Extensions For Fast Execution Of Pipeline-Parallelized Code On Current Chip Multi-Processor Systems},
   journal = {International Journal of Programming Languages and Applications (IJPLA)},
   volume = {2},
   number = {3},
   pages = {1-12},
   year = {2012}
}


@article{Qasem:AJCA12, 
   author = {Apan Qasem},
   title = {Architectural Considerations for Compiler-guided Unroll-and-Jam of CUDA Kernels},
   journal = {American Journal of Computer Architecture},
   volume = {1},
   number = {2},
   pages = {12-20},
   year = {2012}
}

@article{Qasem:JSYS12,
  author = {Apan Qasem},
  title = {Autotuning Strategies For Reducing Synchronization Costs In Multithreaded Kernels},
  journal = {Journal of Systems and Software}, 
  publisher   = {ARPN},
  volume = {2},
  number = {4},
  pages = {152-165},
  year = {2012}   
      
}

@inproceedings{Qasem:GTC12,
  author      = {Apan Qasem and Michael Jason Cade and Dan Tamir},
  title       = {Improved Energy Efficiency for Multithreaded Kernels Through Model-based Autotuning},
  booktitle   = {Proceedings of the 2012 IEEE Green Technology Conferenc (GTC12)},
  month       = {Apr},
  pages       = {1-12},
  year        = {2012}
}
@inproceedings{Unkule:CC12,
  author    = {Swapneela Unkule and
               Christopher Shaltz and
               Apan Qasem},
  title     = {Automatic Restructuring of {GPU} Kernels for Exploiting Inter-thread
               Data Locality},
  booktitle = {Proc. Int'l. Conf. on Compiler Construction (CC12)},
  month     = {Mar},
  year      = {2012},
  pages     = {21-40}
}
@inproceedings{Qasem:PMAM12,
  author    = {Apan Qasem},
  title     = {Efficient execution of time-step computations with pipelined
               parallelism and inter-thread data locality optimizaitions},
  booktitle = {Proceedings of the 2012 PPOPP International Workshop on Programming Models and Applications for Multicore
               and Manycores (PMAM12)},
  month     = {Feb},
  year      = {2012},
  pages     = {27-35},
}
@inproceedings{Qasem:COMA12,
  author      = {Apan Qasem and Dan Tamir},
  title       = {Memory Performance Diagnosis Through Feedback Synthesis},
  booktitle   = {Proceeding of the Workshop on Feedback-Directed Compiler Optimization for Multi-Core
               Architectures (COMA12 a HIPEAC workshop)},
  month     = {Jan},
  pages     = {5-10},
  year        = {2012}
}

@article{Rashid:IJPED12,
  author    = {Hammad Rashid and
               Clara Novoa and
               Mark McKenney and
               Apan Qasem},
  title     = {Efficient parallel solutions to the integral knapsack problem
               on current chip-multiprocessor systems},
  journal   = {International Journal of Parallel, Emergent and Distributed Systems (IJPEDS)},
  volume    = {27},
  number    = {1},
  pages     = {19-44},
  year      = {2012}
}


%%%%%%%%%%%%% 2011 %%%%%%%%%%%%%%%

@inproceedings{Rahman:CF11,
  author    = {Faizur Rahman and
               Qing Yi and
               Apan Qasem},
  title     = {Understanding stencil code performance on multicore architectures},
  booktitle = {Conf. Computing Frontiers (CF11)},
  year      = {2011},
  pages     = {30-45}
}

@inproceedings{Unkule:SC11,
  author    = {Swapneela Unkule and Apan Qasem},
  title     = {Register pressure aware code transformations on {GPU}},
  booktitle = {24th International Conference on High Performance Computing Networking, Storage
               and Analysis - Companion Volume (SC11)},
  pages     = {19-20},
  month     = {Nov},
  year      = {2011}
}

@inproceedings{Novoa:ICS11,
  author    = {Clara Novoa and Apan Qasem and Hammad Rashid and Mark McKenney}, 
  title     = {Dynamic Programming Solutions for the Integral Knapsack Problem on Multicore
               Architectures, (Extended Abstract)}, 
  booktitle = {11th INFORMS Computing Society Conference, (ICS11)},
  year      = {2011}
}


%%%%%%%%%%%%% 2010 %%%%%%%%%%%%%%%

@inproceedings{Sarangkar:SC10, 
  author    = {Santosh Sarangkar and Apan Qasem}, 
  title     = {Intelligent Feedback For Fast and Effective Autotuning, (Extended Poster Abstract)},
  booktitle = {23rd International Conference on High Performance Computing, Networking, Storage and
               Analysis - Companion Volume (SC10)},
  month     = {Nov},
  year      = {2010}
}

@inproceedings{Yi:LCPC10,
  author    = {Qing Yi and Jichi Guo and Apan Qasem},
  title     = {Evaluating the Role of Optimization-Specific Search Heuristics in Effective Autotuning 
              (short paper)}, 
  booktitle = {23rd International Workshop Languages and Compilers for Parallel Computing (LCPC10)},
  year      = {2010}
}

@inproceedings{Qasem:HPCS10,
  author    = {Apan Qasem}, 
  title     = {Locality-Conscious Superpaging for Improved TLB Behavior of Stencil Computations}, 
  booktitle = {Proceedings of the 2010 International Conference on High Performance Computing Systems
               (HPCS10)}, 
  year      = {2010}
} 

@inproceedings{Yi:IWAPT10,
  author    = {Qing Yi and Santosh Sarangkar and Apan Qasem}, 
  title     = {Improving Autotuning Effciency and Portability Through Feedback Diagnostics}, 
  booktitle = {Proceedings of the Fifth International Workshop on Automatic Performance Tuning 
               (iWAPT10)},  
  year      = {2010}
}

@inproceedings{Rashid:CSC10,
  author    = {Hammad Rashid and
               Clara Novoa and
               Apan Qasem},
  title     = {An Evaluation of Parallel Knapsack Algorithms on Multicore
               Architectures},
  booktitle = {Proceedings of the 2010 International Conference on Scientific
               Computing (CSC10)},
  month     = {Jul},
  year      = {2010},
  pages     = {230-235},
  bibsource = {DBLP, http://dblp.uni-trier.de}
}

@inproceedings{Sarangkar:IPDPS10,
  author    = {Santosh Sarangkar and
               Apan Qasem},
  title     = {Restructuring parallel loops to curb false sharing on multicore
               architectures},
  booktitle = {24th IEEE International Symposium on Parallel Distributed
               Processing Workshops and Phd Forum (IPDPSW10)},
  year      = {2010},
  pages     = {1-7},
  ee        = {http://dx.doi.org/10.1109/IPDPSW.2010.5470764},
  bibsource = {DBLP, http://dblp.uni-trier.de}
}

@inproceedings{Qasem:NPC10,
  author    = {Apan Qasem and
               Jichi Guo and
               Faizur Rahman and
               Qing Yi},
  title     = {Exposing Tunable Parameters in Multi-threaded Numerical
               Code},
  booktitle = {Network and Parallel Computing, IFIP International Conference, (NPC10)},
  year      = {2010},
  pages     = {46-60}
}


%%%%%%%%%%%%% 2009 %%%%%%%%%%%%%%%

@inproceedings{Magee:ACMSE09,
  author    = {Joshua Magee and
               Apan Qasem},
  title     = {A case for compiler-driven superpage allocation},
  booktitle = {Proceedings of the 47th Annual Southeast Regional Conference, (ACMSE09)},
  year      = {2009}
}


@inproceedings{Cade:HPCC09,
  author    = {Michael Jason Cade and
               Apan Qasem},
  title     = {Balancing Locality and Parallelism on Shared-cache Mulit-core
               Systems},
  booktitle = {11th IEEE International Conference on High Performance Computing
               and Communications (HPCC09)},
  year      = {2009},
  pages     = {188-195},
  ee        = {http://dx.doi.org/10.1109/HPCC.2009.61},
  bibsource = {DBLP, http://dblp.uni-trier.de}
}

%%%%%%%%%%%%% 2008 %%%%%%%%%%%%%%%

@inproceedings{Yi:LCPC08,
  author    = {Qing Yi and
               Apan Qasem},
  title     = {Exploring the Optimization Space of Dense Linear Algebra
               Kernels},
  booktitle = {21st International Workshop Languages and Compilers for Parallel Computing (LCPC08)},
  pages     = {343-355},
  year      = {2008}
}

@inproceedings{Qasem:PDPTA08,
  author    = {Apan Qasem},
  title     = {Evaluating an Early-stop Criterion and a Statistical Pruning
               Strategy of the Optimization Search Space},
  booktitle = {Proceedings of the International Conference on Parallel
               and Distributed Processing Techniques and Applications (PDPTA)},
  month     = {Jul},
  year      = {2008},
  pages     = {506-510},
  bibsource = {DBLP, http://dblp.uni-trier.de}
}

@article{Qasem:IJHPSA08,
  author    = {Apan Qasem and
               Ken Kennedy},
  title     = {Model-guided empirical tuning of loop fusion},
  journal   = {International Journal of High Performance Systems Architecture (IJHPSA)},
  publisher = {Inderscience},
  volume    = {1},
  number    = {3},
  year      = {2008},
  pages     = {183-198},
  ee        = {http://dx.doi.org/10.1504/IJHPSA.2008.021798},
  bibsource = {DBLP, http://dblp.uni-trier.de}
}

%%%%%%%%%%%%% 2007 %%%%%%%%%%%%%%%


@inproceedings{Qasem:SMART07, 
  author    = {Apan Qasem and Ken Kennedy}, 
  title     = {Pruning the Optimization Search Space Using Architectureaware Cost Models}, 
  booktitle = {Proceedings of the First Workshop on Statistical and Machine Learning Approaches 
               Applied to Architecture and Compilation (SMART07)},
  month     = {Feb},
  year      = {2007}
}


%%%%%%%%%%%%% 2006 %%%%%%%%%%%%%%%

@inproceedings{Qasem:ICS06,
  author    = {Apan Qasem and
               Ken Kennedy},
  title     = {Profitable loop fusion and tiling using model-driven empirical
               search},
  booktitle = {Proceedings of the 20th Annual International Conference
               on Supercomputing (ICS)},
  month     = {Jul},
  year      = {2006},
  pages     = {249-258}
}

@article{Qasem:JOS06,
  author    = {Apan Qasem and
               Ken Kennedy and
               John M. Mellor-Crummey},
  title     = {Automatic tuning of whole applications using direct search
               and a performance-based transformation system},
  journal   = {The Journal of Supercomputing},
  volume    = {36},
  number    = {2},
  year      = {2006},
  pages     = {183-196},
  ee        = {http://dx.doi.org/10.1007/s11227-006-7957-2},
  bibsource = {DBLP, http://dblp.uni-trier.de}
}

%%%%%%%%%%%%% 2005 %%%%%%%%%%%%%%%

@inproceedings{Qasem:LCPC05,
  author    = {Apan Qasem and Ken Kennedy},
  title     = {A Cache-Conscious Profitability Model for Empirical Tuning of Loop Fusion},
  booktitle = {18th International Workshop on Languages and Compilers for Parallel Computing, (LCPC)},
  year      = {2005},
  pages     = {106-120},
  ee        = {http://dx.doi.org/10.1007/978-3-540-69330-7_8},
  bibsource = {DBLP, http://dblp.uni-trier.de}
}

%%%%%%%%%%%%% 2004 %%%%%%%%%%%%%%%

@inproceedings{Qasem:LACSI04,
  author    = {Apan Qasem and Ken Kennedy and John Mellor-Crummey},
  title     = {Automatic Tuning of Whole Applications Using Direct Search and a Performance-based 
               Transformation System},
  booktitle = {Proceedings of the Los Alamos Computer Science Institute 5th Annual Symposium 
                (LACSI04)},
  year      = {2004}}



%%%%%%%%%%%%% 2002 %%%%%%%%%%%%%%%

@inproceedings{Fowler:LACSI02,
  author    = {Robert Fowler and  John Mellor-Crummey and Guohua Jin and Apan Qasem},
  title     = {A Source-to-source Loop Transformation Tool (Extended poster abstract)},
  booktitle = {Proceedings of the Los Alamos Computer Science Institute 3rd Annual Symposium 
              (LACSI02)},
  year      = {2002}}

%%%%%%%%%%%%% 2001 %%%%%%%%%%%%%%%

@inproceedings{Qasem:Europar01,
  author    = {Apan Qasem and
               David B. Whalley and
               Xin Yuan and
               Robert van Engelen},
  title     = {Using a Swap Instruction to Coalesce Loads and Stores},
  booktitle = {7th International Euro-Par Conference Parallel Processing,  (EuroPar01)},
  year      = {2001},
  pages     = {235-240},
  ee        = {http://dx.doi.org/10.1007/3-540-44681-8_35},
  bibsource = {DBLP, http://dblp.uni-trier.de}
}



@mastersthesis{Alvarado:MS14,
  author       = {Claudia Alvarado}, 
  title        = {Dynamic Feedback-Driven Thread Migration for Energy-Efficient Execution of Multithreaded Workloads},
  school       = {Texas State University},
  year         = 2014,
  address      = {},
  month        = 12,
  ee           = {https://digital.library.txstate.edu/handle/10877/5376}
}


@mastersthesis{Unkule:MS12,
  author       = {Swapneela Unkule}, 
  title        = {EXPLOITING SHARED-MEMORY REUSE THROUGH SOURCE-LEVEL TRANSFORMATION OF CUDA KERNELS},
  school       = {Texas State University},
  year         = 2011,
  address      = {},
  month        = 12,
  ee           = {https://digital.library.txstate.edu/handle/10877/2427}
}

@mastersthesis{Connors:BS17,
  author       = {Tiffany Connors}, 
  title        = {Automatically Selecting Profitable Thread Block Sizes Using Machine Learning},
  school       = {Texas State University},
  year         = 2017,
  address      = {},
  month        = 05,
  ee           = {https://digital.library.txstate.edu/handle/10877/6731}
}


